@article{AlbertRelativity,
  author  = {Albert Einstein}, 
  title   = {Relativity? I've never experienced it.},
  journal = {Not Nature},
  year    = 4000,
  number  = 2,
  pages   = {42-69},
  month   = 1,
  volume  = 4
}